@book{hermes:verbandstheorie-2,
  author = {Hans Hermes},
  title = {Einführung in die Verbandstheorie},
  year = {1967},
  language = {German},
  edition = {2},
  series = {Grund\-lehren der mathematischen Wissenschaften},
  number = {73},
  publisher = {Springer},
  location = {Berlin, Heidelberg},
  doi = {10.1007/978-3-642-86524-4},
}

@book{remmert:zahlentheorie-3,
  author = {Reinhold Remmert and
  Peter Ullrich},
  title = {Elementare Zahlentheorie},
  year = {2008},
  language = {German},
  edition = {3},
  series = {Grundstudium Mathematik},
  number = {},
  publisher = {Birkhäuser},
  location = {Basel},
  doi = {10.1007/978-3-7643-7731-1},
}

@book{halmos:boolean_algebras,
  author = {Steven Gavant and
  Paul Halmos},
  title = {Introduction to Boolean Algebras},
  year = {2009},
  language = {English},
  edition = {1},
  series = {Undergraduate Texts in Mathematics},
  number = {},
  publisher = {Springer},
  location = {New York},
  doi = {10.1007/978-0-387-68436-9},
}

@article{huntingtion:axiomset_boolean,
  author = {Edward V. Huntington},
  title = {Sets of independent postulates for the algebra of logic},
  year = {1904},
  language = {English},
  journal = {Transactions of the American Mathematical Society},
  number = {3},
  pages = {288--309},
  publisher = {American Mathematical Society},
  volume = {5},
  doi = {10.1090/S0002-9947-1904-1500675-4},
}
